<record><leader>00000cas a22000007a 4500</leader><controlfield tag="001">15647990</controlfield><controlfield tag="008">870508d18811981pauwr ne      0    0eng d</controlfield><controlfield tag="009">5601</controlfield><datafield ind1=" " ind2=" " tag="010"><subfield code="a">sn 87080218 </subfield></datafield><datafield ind1=" " ind2=" " tag="040"><subfield code="a">NPH</subfield><subfield code="b">eng</subfield><subfield code="c">NPH</subfield><subfield code="d">OCLCQ</subfield></datafield><datafield ind1=" " ind2=" " tag="042"><subfield code="a">msc</subfield></datafield><datafield ind1="0" ind2="4" tag="245"><subfield code="a">The Weatherly herald.</subfield></datafield><datafield ind1=" " ind2=" " tag="260"><subfield code="a">Weatherly, Carbon Co., Pa. :</subfield><subfield code="b">Harvey B. Smith,</subfield><subfield code="c">1881-1981.</subfield></datafield><datafield ind1=" " ind2=" " tag="300"><subfield code="a">101 v. :</subfield><subfield code="b">ill. ;</subfield><subfield code="c">49-54 cm.</subfield></datafield><datafield ind1=" " ind2=" " tag="310"><subfield code="a">Weekly</subfield></datafield><datafield ind1="0" ind2=" " tag="362"><subfield code="a">Vol. 1, no. 41 (Mar. 16, 1881)-v. 101 no. 14 (Sept. 3, 1981).</subfield></datafield><datafield ind1=" " ind2=" " tag="500"><subfield code="a">Published every Wednesday.</subfield></datafield><datafield ind1=" " ind2=" " tag="752"><subfield code="a">United States</subfield><subfield code="b">Pennsylvania</subfield><subfield code="c">Carbon</subfield><subfield code="d">Weatherly.</subfield></datafield><datafield ind1="0" ind2="0" tag="780"><subfield code="t">Carbon herald</subfield><subfield code="w">(DLC)sn 87080219</subfield></datafield><datafield ind1="0" ind2="7" tag="785"><subfield code="t">Journal (White Haven, Pa.)</subfield><subfield code="w">(DLC)sn 87080216</subfield></datafield><datafield ind1="0" ind2="7" tag="785"><subfield code="t">Journal-herald (White Haven, Pa.)</subfield><subfield code="w">(DLC)sn 87080215</subfield></datafield></record>